<?xml version='1.0' encoding='UTF-8'?>
<record xmlns="http://www.loc.gov/MARC21/slim">
  <leader>00797cam a22001935a 4500</leader>
  <controlfield tag="001">3430116</controlfield>
  <controlfield tag="003">NjP</controlfield>
  <controlfield tag="005">20100811091018.0</controlfield>
  <controlfield tag="008">011001s1950    le       b    000 0 ara d</controlfield>
  <datafield tag="024" ind1="7" ind2=" ">
    <subfield code="a">princeton_aco002018</subfield>
    <subfield code="2">local</subfield>
  </datafield>
  <datafield ind1=" " ind2=" " tag="040">
    <subfield code="a">NjP</subfield>
    <subfield code="c">NjP</subfield>
  </datafield>
  <datafield ind1=" " ind2=" " tag="043">
    <subfield code="a">a-iq---</subfield>
  </datafield>
  <datafield ind1="1" ind2=" " tag="100">
    <subfield code="a">Khayyāṭ, Jaʻfar.</subfield>
  </datafield>
  <datafield ind1="1" ind2="3" tag="245">
    <subfield code="a">al-Qaryah al-ʻIrāqīyah :</subfield>
    <subfield code="b">dirāsah fī aḥwālihā wa-iṣlāḥihā /</subfield>
    <subfield code="c">bi-qalam Jaʻfar Khayyāṭ.</subfield>
  </datafield>
  <datafield ind1=" " ind2=" " tag="260">
    <subfield code="a">Bayrūt, Lubnān :</subfield>
    <subfield code="b">Dār al-Kashshāf,</subfield>
    <subfield code="c">1950.</subfield>
  </datafield>
  <datafield ind1=" " ind2=" " tag="500">
    <subfield code="a">Ath heat of title: al-Kitāb al-fāʾiz bi-jāʾizat al-Majmaʻ al-ʻIlmī al-ʻIrāqī li-sanat 1949.</subfield>
  </datafield>
  <datafield ind1=" " ind2=" " tag="504">
    <subfield code="a">Includes bibliographical references (p. 95-96).</subfield>
  </datafield>
  <datafield ind1=" " ind2="0" tag="651">
    <subfield code="a">Iraq</subfield>
    <subfield code="x">Rural conditions.</subfield>
  </datafield>
  <datafield ind1=" " ind2="0" tag="650">
    <subfield code="a">Villages</subfield>
    <subfield code="z">Iraq.</subfield>
  </datafield>
  <datafield ind1=" " ind2=" " tag="902">
    <subfield code="a">kc</subfield>
    <subfield code="b">r</subfield>
    <subfield code="6">a</subfield>
    <subfield code="7">m</subfield>
    <subfield code="d">v</subfield>
    <subfield code="f">0</subfield>
    <subfield code="e">20011001</subfield>
  </datafield>
  <datafield ind1="0" ind2=" " tag="852">
    <subfield code="0">3756725</subfield>
    <subfield code="b">nec</subfield>
    <subfield code="h">HN670.Z9</subfield>
    <subfield code="i">V555 1950</subfield>
  </datafield>
  <datafield ind1=" " ind2=" " tag="959">
    <subfield code="a">2009-06-30 15:02:10 -0400</subfield>
  </datafield>
</record>
